<record><leader>00000cas a22000007a 4500</leader><controlfield tag="001">40129683</controlfield><controlfield tag="008">981019c1uuu9999sduwr ne      0    0eng d</controlfield><datafield ind1=" " ind2=" " tag="010"><subfield code="a">sn 98062820 </subfield></datafield><datafield ind1=" " ind2=" " tag="040"><subfield code="a">SXN</subfield><subfield code="b">eng</subfield><subfield code="c">SXN</subfield><subfield code="d">OCLCQ</subfield><subfield code="d">OCLCF</subfield><subfield code="d">OCLCO</subfield></datafield><datafield ind1=" " ind2=" " tag="042"><subfield code="a">msc</subfield></datafield><datafield ind1=" " ind2=" " tag="043"><subfield code="a">n-us-sd</subfield></datafield><datafield ind1="0" ind2=" " tag="130"><subfield code="a">Tri-county news (Irene, S.D.)</subfield></datafield><datafield ind1="1" ind2="0" tag="245"><subfield code="a">Tri-county news.</subfield></datafield><datafield ind1=" " ind2=" " tag="260"><subfield code="a">Irene, Yankton County, S.D. :</subfield><subfield code="b">H.P. McPherson</subfield></datafield><datafield ind1=" " ind2=" " tag="300"><subfield code="a">v.</subfield></datafield><datafield ind1=" " ind2=" " tag="310"><subfield code="a">Weekly</subfield></datafield><datafield ind1=" " ind2=" " tag="500"><subfield code="a">"The Corn Belt weekly."</subfield></datafield><datafield ind1=" " ind2=" " tag="515"><subfield code="a">Suspended on Feb. 24, 1949; resumed Aug. 18, 1949.</subfield></datafield><datafield ind1=" " ind2=" " tag="530"><subfield code="a">Available on microfilm from: State Archives, South Dakota State Historical Society.</subfield></datafield><datafield ind1=" " ind2=" " tag="588"><subfield code="a">Description based on: Vol. 16, no. 10 (May 27, 1915).</subfield></datafield><datafield ind1=" " ind2="0" tag="651"><subfield code="a">Irene (S.D.)</subfield><subfield code="v">Newspapers.</subfield></datafield><datafield ind1=" " ind2="0" tag="651"><subfield code="a">Yankton County (S.D.)</subfield><subfield code="v">Newspapers.</subfield></datafield><datafield ind1=" " ind2="0" tag="651"><subfield code="a">Clay County (S.D.)</subfield><subfield code="v">Newspapers.</subfield></datafield><datafield ind1=" " ind2="7" tag="655"><subfield code="a">Newspapers.</subfield><subfield code="2">fast</subfield><subfield code="0">(OCoLC)fst01423814</subfield></datafield><datafield ind1=" " ind2="7" tag="651"><subfield code="a">South Dakota</subfield><subfield code="z">Clay County.</subfield><subfield code="2">fast</subfield><subfield code="0">(OCoLC)fst01215573</subfield></datafield><datafield ind1=" " ind2="7" tag="651"><subfield code="a">South Dakota</subfield><subfield code="z">Irene.</subfield><subfield code="2">fast</subfield><subfield code="0">(OCoLC)fst01887454</subfield></datafield><datafield ind1=" " ind2="7" tag="651"><subfield code="a">South Dakota</subfield><subfield code="z">Yankton County.</subfield><subfield code="2">fast</subfield><subfield code="0">(OCoLC)fst01207911</subfield></datafield><datafield ind1=" " ind2=" " tag="752"><subfield code="a">United States</subfield><subfield code="b">South Dakota</subfield><subfield code="c">Yankton</subfield><subfield code="d">Irene.</subfield></datafield><datafield ind1="0" ind2="5" tag="780"><subfield code="t">Volin advance</subfield><subfield code="w">(DLC)sn 99062881</subfield></datafield></record>